@book{rud,
  title={Principles of Mathematical Analysis},
  author={Walter Rudin},
  isbn={978-1-25-906478-4},
  series={International series in pure and applied mathematics},
  year={2017},
  publisher={McGraw Hill Education},
  keywords = {mathematics}
}

@book{lin,
  title={Spaces: An introduction to real analysis},
  author={Tom L. Lindstr\o{}m},
  isbn={9781470440626},
  series={Pure and applied undergraduate texts},
  year={2017},
  publisher={American Mathematical Society},
  keywords = {mathematics}
}

@book{mun,
  title={Topology: a first course},
  author={James R. Munkres},
  isbn={0-13-925495-1},
  year={1975},
  publisher={Prentice-Hall, Inc.},
  keywords = {mathematics}
}

@book{cum,
  title={Real Analysis: A Long-Form Mathematics Textbook},
  author={Jay Cummings},
  year={2019},
  keywords = {mathematics}
}