@book{fer,
  title={P-adic numbers: an introduction},
  author={Fernando Gouv\^ea},
  isbn={3-540-62911-4},
  year={1997},
  publisher={Springer},
  keywords = {mathematics}
}